<?xml version="1.0" encoding="UTF-8"?><collection xmlns="http://www.loc.gov/MARC21/slim"><record><leader>00544nam--2200193-i-4500</leader><controlfield tag="001">000030028</controlfield><controlfield tag="002">20161230</controlfield><controlfield tag="005">20161230201038</controlfield><controlfield tag="008">060222s1000------------r-----000-0-rum-d</controlfield><datafield ind1=" " ind2=" " tag="040"><subfield code="a">IFIN-HH</subfield></datafield><datafield ind1=" " ind2=" " tag="041"><subfield code="a">rum</subfield></datafield><datafield ind1=" " ind2=" " tag="080"><subfield code="a">539.1.05</subfield></datafield><datafield ind1="1" ind2=" " tag="100"><subfield code="a">Luca, Emil</subfield></datafield><datafield ind1="1" ind2="0" tag="245"><subfield code="a">Analiza structurala prin metode fizice</subfield><subfield code="b">Volumul ii</subfield><subfield code="c">Emil luca, mitachi strat, mihai chiriac, virgil barboiu</subfield></datafield><datafield ind1=" " ind2=" " tag="260"><subfield code="a">Bucuresti</subfield><subfield code="b">Editura Academiei R.S.R</subfield><subfield code="c">1985</subfield></datafield><datafield ind1=" " ind2=" " tag="300"><subfield code="a">270P</subfield></datafield><datafield ind1="1" ind2=" " tag="700"><subfield code="a">Barboiu, Virgil</subfield></datafield><datafield ind1=" " ind2=" " tag="852"><subfield code="a">72136</subfield><subfield code="c">539</subfield></datafield><datafield ind1=" " ind2=" " tag="CAT"><subfield code="a">Sys</subfield><subfield code="c">20130604</subfield><subfield code="h">153841</subfield></datafield></record></collection>